atul@atulPC.29109:1446217414