atul@atulPC.8692:1446546183