@article{PhysRevA.66.052109,
  title = {Bohm's interpretation and maximally entangled states},
  author = {Durt, Thomas and Pierseaux, Yves},
  journal = {Phys. Rev. A},
  volume = {66},
  issue = {5},
  pages = {052109},
  numpages = {11},
  year = {2002},
  month = {Nov},
  publisher = {American Physical Society},
  doi = {10.1103/PhysRevA.66.052109},
  url = {http://link.aps.org/doi/10.1103/PhysRevA.66.052109}
}

@article{PhysRevLett.114.250403,
  title = {Contextuality in Phase Space},
  author = {Asadian, Ali and Budroni, Costantino and Steinhoff, Frank E. S. and Rabl, Peter and G\"uhne, Otfried},
  journal = {Phys. Rev. Lett.},
  volume = {114},
  issue = {25},
  pages = {250403},
  numpages = {5},
  year = {2015},
  month = {Jun},
  publisher = {American Physical Society},
  doi = {10.1103/PhysRevLett.114.250403},
  url = {http://link.aps.org/doi/10.1103/PhysRevLett.114.250403}
}
