@book{holland,
author = "Peter R. Holland",
title = {The Quantum Theory of Motion}, 
publisher = {Cambridge University Press}, 
year = {1993},
isbn = {9780511622687}, 
note = {Cambridge Books Online}, 
url = {http://dx.doi.org/10.1017/CBO9780511622687}
}

@article{bohm1,
  title = {A Suggested Interpretation of the Quantum Theory in Terms of "Hidden" Variables. I},
  author = {Bohm, David},
  journal = {Phys. Rev.},
  volume = {85},
  issue = {2},
  pages = {166--179},
  numpages = {0},
  year = {1952},
  month = {Jan},
  publisher = {American Physical Society},
  doi = {10.1103/PhysRev.85.166},
  url = {http://link.aps.org/doi/10.1103/PhysRev.85.166}
}

@article{spinGHZ,
  title = {Bohm's interpretation and maximally entangled states},
  author = {Durt, Thomas and Pierseaux, Yves},
  journal = {Phys. Rev. A},
  volume = {66},
  issue = {5},
  pages = {052109},
  numpages = {11},
  year = {2002},
  month = {Nov},
  publisher = {American Physical Society},
  doi = {10.1103/PhysRevA.66.052109},
  url = {http://link.aps.org/doi/10.1103/PhysRevA.66.052109}
}

@article{AliContext,
  title = {Contextuality in Phase Space},
  author = {Asadian, Ali and Budroni, Costantino and Steinhoff, Frank E. S. and Rabl, Peter and G\"uhne, Otfried},
  journal = {Phys. Rev. Lett.},
  volume = {114},
  issue = {25},
  pages = {250403},
  numpages = {5},
  year = {2015},
  month = {Jun},
  publisher = {American Physical Society},
  doi = {10.1103/PhysRevLett.114.250403},
  url = {http://link.aps.org/doi/10.1103/PhysRevLett.114.250403}
}

@article{PeresContext2,
title = "Incompatible results of quantum measurements",
journal = "Physics Letters A",
volume = "151",
number = "3",
pages = "107 - 108",
year = "1990",
note = "",
issn = "0375-9601",
doi = "http://dx.doi.org/10.1016/0375-9601(90)90172-K",
url = "http://www.sciencedirect.com/science/article/pii/037596019090172K",
author = "Asher Peres",

}
@ARTICLE{Koc,
    author = "Simon Kochen, E. Specker",
     title = "The Problem of Hidden Variables in Quantum Mechanics",
   journal = "Indiana Univ. Math. J.",
  fjournal = "Indiana University Mathematics Journal",
    volume = 17,
      year = 1968,
     issue = 1,
     pages = "59--87",
      issn = "0022-2518",
     coden = "IUMJAB",
   mrclass = "",
}

@article{PeresContext,
  title = {Simple unified form for the major no-hidden-variables theorems},
  author = {Mermin, N. David},
  journal = {Phys. Rev. Lett.},
  volume = {65},
  issue = {27},
  pages = {3373--3376},
  numpages = {0},
  year = {1990},
  month = {Dec},
  publisher = {American Physical Society},
  doi = {10.1103/PhysRevLett.65.3373},
  url = {http://link.aps.org/doi/10.1103/PhysRevLett.65.3373}
}

@book{detlefBook,
  Author = {Detlef Dürr and Sheldon Goldstein and Nino Zanghì},
  Title = {Quantum Physics Without Quantum Philosophy},
  Publisher = {Springer Berlin Heidelberg},
  Year = {2012},
  ISBN = {},
  URL = {http://www.amazon.com/Quantum-Physics-Without-Philosophy-ebook/dp/B00C1WB6YY%3FSubscriptionId%3D0JYN1NVW651KCA56C102%26tag%3Dtechkie-20%26linkCode%3Dxm2%26camp%3D2025%26creative%3D165953%26creativeASIN%3DB00C1WB6YY}
}

@article{MassarGHZ01,
  title = {Greenberger-Horne-Zeilinger paradox for continuous variables},
  author = {Massar, Serge and Pironio, Stefano},
  journal = {Phys. Rev. A},
  volume = {64},
  issue = {6},
  pages = {062108},
  numpages = {5},
  year = {2001},
  month = {Nov},
  publisher = {American Physical Society},
  doi = {10.1103/PhysRevA.64.062108},
  url = {http://link.aps.org/doi/10.1103/PhysRevA.64.062108}
}

@article{Bell,
    author = {Bell, John S.},
    citeulike-article-id = {4253487},
    journal = {Physics},
    keywords = {ghz\_paper},
    pages = {195--200},
    posted-at = {2009-04-01 16:14:47},
    priority = {2},
    title = {On the Einstein-Podolsky-Rosen paradox},
    volume = {1},
    year = {1964}
}

@article{EPR,
  title = {Can Quantum-Mechanical Description of Physical Reality Be Considered Complete?},
  author = {Einstein, A. and Podolsky, B. and Rosen, N.},
  journal = {Phys. Rev.},
  volume = {47},
  issue = {10},
  pages = {777--780},
  numpages = {0},
  year = {1935},
  month = {May},
  publisher = {American Physical Society},
  doi = {10.1103/PhysRev.47.777},
  url = {http://link.aps.org/doi/10.1103/PhysRev.47.777}
}


@book{peresBook,
  Author = {A. Peres},
  Title = {Quantum Theory: Concepts and Methods (Fundamental Theories of Physics)},
  Publisher = {Springer},
  Year = {1993},
  ISBN = {},
  URL = {http://www.amazon.com/Quantum-Theory-Concepts-Fundamental-Theories-ebook/dp/B000W7Y9C6%3FSubscriptionId%3D0JYN1NVW651KCA56C102%26tag%3Dtechkie-20%26linkCode%3Dxm2%26camp%3D2025%26creative%3D165953%26creativeASIN%3DB000W7Y9C6}
}

@misc{splineReal,
  howpublished = "\url{http://ww2.odu.edu/~agodunov/computing/programs/book2/Ch01/spline.f90}",
}

@misc{solvSchrFFT,
  howpublished = "\url{https://jakevdp.github.io/blog/2012/09/05/quantum-python/}",
}

@misc{solvSchrMaster,
  howpublished = "\url{http://www.pa.msu.edu/~duxbury/courses/phy480/SchrodingerDynamics.pdf}",
}